@article{mcculloch1943logical,
	title={A logical calculus of the ideas immanent in nervous activity},
	author={McCulloch, Warren S and Pitts, Walter},
	journal={The bulletin of mathematical biophysics},
	volume={5},
	number={4},
	pages={115--133},
	year={1943},
	publisher={Springer}
}

@article{frega2014network,
	title={Network dynamics of 3D engineered neuronal cultures: a new experimental model for in-vitro electrophysiology},
	author={Frega, Monica and Tedesco, Mariateresa and Massobrio, Paolo and Pesce, Mattia and Martinoia, Sergio},
	journal={Scientific reports},
	volume={4},
	pages={5489},
	year={2014},
	publisher={Nature Publishing Group}
}

@article{sanda2017multi,
	title={Multi-layer network utilizing rewarded spike time dependent plasticity to learn a foraging task},
	author={Sanda, Pavel and Skorheim, Steven and Bazhenov, Maxim},
	journal={PLoS computational biology},
	volume={13},
	number={9},
	pages={e1005705},
	year={2017},
	publisher={Public Library of Science}
}

@article{dura2018netpyne,
	title={NetPyNE: a tool for data-driven multiscale modeling of brain circuits},
	author={Dura-Bernal, Salvador and Suter, Benjamin and Gleeson, Padraig and Cantarelli, Matteo and Quintana, Adrian and Rodriguez, Facundo and Kedziora, David J and Chadderdon, George L and Kerr, Cliff C and Neymotin, Samuel A and others},
	journal={bioRxiv},
	pages={461137},
	year={2018},
	publisher={Cold Spring Harbor Laboratory}
}

@article{dura2017evolutionary,
	title={Evolutionary algorithm optimization of biological learning parameters in a biomimetic neuroprosthesis},
	author={Dura-Bernal, Salvador and Neymotin, Samuel A and Kerr, Cliff C and Sivagnanam, Subhashini and Majumdar, Amit and Francis, Joseph T and Lytton, William W},
	journal={IBM journal of research and development},
	volume={61},
	number={2/3},
	pages={6--1},
	year={2017},
	publisher={IBM}
}

@article{minsky1969perceptron,
	title={Perceptron: an introduction to computational geometry},
	author={Minsky, Marvin and Papert, Seymour},
	journal={The MIT Press, Cambridge, expanded edition},
	volume={19},
	number={88},
	pages={2},
	year={1969}
}

@article{hopfield1985neural,
	title={Neural computation of decisions in optimization problems},
	author={Hopfield, John J and Tank, David W},
	journal={Biological cybernetics},
	volume={52},
	number={3},
	pages={141--152},
	year={1985},
	publisher={Springer}
}

@inproceedings{liang2015recurrent,
	title={Recurrent convolutional neural network for object recognition},
	author={Liang, Ming and Hu, Xiaolin},
	booktitle={Proceedings of the IEEE conference on computer vision and pattern recognition},
	pages={3367--3375},
	year={2015}
}

@article{schmidhuber2015deep,
	title={Deep learning in neural networks: An overview},
	author={Schmidhuber, Jurgen},
	journal={Neural networks},
	volume={61},
	pages={85--117},
	year={2015},
	publisher={Elsevier}
}

@article{markram2015reconstruction,
	title={Reconstruction and simulation of neocortical microcircuitry},
	author={Markram, Henry and Muller, Eilif and Ramaswamy, Srikanth and Reimann, Michael W and Abdellah, Marwan and Sanchez, Carlos Aguado and Ailamaki, Anastasia and Alonso-Nanclares, Lidia and Antille, Nicolas and Arsever, Selim and others},
	journal={Cell},
	volume={163},
	number={2},
	pages={456--492},
	year={2015},
	publisher={Elsevier}
}

@article{eliasmith2016biospaun,
	title={BioSpaun: A large-scale behaving brain model with complex neurons},
	author={Eliasmith, Chris and Gosmann, Jan and Choo, Xuan},
	journal={arXiv preprint arXiv:1602.05220},
	year={2016}
}

@article{neymotin2013reinforcement,
	title={Reinforcement learning of two-joint virtual arm reaching in a computer model of sensorimotor cortex},
	author={Neymotin, Samuel A and Chadderdon, George L and Kerr, Cliff C and Francis, Joseph T and Lytton, William W},
	journal={Neural computation},
	volume={25},
	number={12},
	pages={3263--3293},
	year={2013},
	publisher={MIT Press}
}

@article{zenke2014limits,
	title={Limits to high-speed simulations of spiking neural networks using general-purpose computers},
	author={Zenke, Friedemann and Gerstner, Wulfram},
	journal={Frontiers in neuroinformatics},
	volume={8},
	pages={76},
	year={2014},
	publisher={Frontiers}
}

@article{ashby2005frost,
	title={FROST: a distributed neurocomputational model of working memory maintenance},
	author={Ashby, F G and Ell, Shawn and Valentin, Vivian and Casale, Michael},
	journal={Journal of Cognitive Neuroscience},
	volume={17},
	number={11},
	pages={1728--1743},
	year={2005},
	publisher={Massachusetts Institute of Technology}
}

@article{frank2005dynamic,
	title={Dynamic dopamine modulation in the basal ganglia: a neurocomputational account of cognitive deficits in medicated and nonmedicated Parkinsonism},
	author={Frank, Michael J},
	journal={Journal of cognitive neuroscience},
	volume={17},
	number={1},
	pages={51--72},
	year={2005},
	publisher={MIT Press}
}

@article{hartley2006understanding,
	title={Understanding spike-time-dependent plasticity: A biologically motivated computational model},
	author={Hartley, Matthew and Taylor, Neill and Taylor, John},
	journal={Neurocomputing},
	volume={69},
	number={16-18},
	pages={2005--2016},
	year={2006},
	publisher={Elsevier}
}

@article{leveille2010running,
	title={Running as fast as it can: How spiking dynamics form object groupings in the laminar circuits of visual cortex},
	author={Leveille, Jasmin and Versace, Massimiliano and Grossberg, Stephen},
	journal={Journal of Computational Neuroscience},
	volume={28},
	number={2},
	pages={323--346},
	year={2010},
	publisher={Springer}
}

@article{ashby2011tutorial,
	title={A tutorial on computational cognitive neuroscience: modeling the neurodynamics of cognition},
	author={Ashby, F Gregory and Helie, Sebastien},
	journal={Journal of Mathematical Psychology},
	volume={55},
	number={4},
	pages={273--289},
	year={2011},
	publisher={Elsevier}
}

@book{gerstner2014neuronal,
	title={Neuronal dynamics: From single neurons to networks and models of cognition},
	author={Gerstner, Wulfram and Kistler, Werner M and Naud, Richard and Paninski, Liam},
	year={2014},
	publisher={Cambridge University Press}
}
